%For more info on citeation, view:
%IEEE: https://libguides.nps.edu/citation/ieee-bibtex
  
@misc{snl_metall, 
title = {Metall},
author = {Pedersen, B.},
year = {2019},
howpublished = {\url{https://snl.no/metall}}
}

@misc{snl_metallbinding, 
title = {Metallbinding},
author = {Pedersen, B.},
year = {2019},
howpublished = {\url{https://snl.no/metallinding}}
}

@book{EngMat,
author = {Ashby, M.F. and Jones, D.R.H.},
title = {Engineering Materials 1: An introduction to Properties, Applications, and Design, fourth edition},
year  = {2012},
publisher = {Elsevier Ltd.}

}
@article{NeckDuc,
author = {Zhu, Y.T. and Wu, X.L.},
year = {2018},
title = {Ductility and Plasticity of Nanostructured Metals: Differences and Issues},
volume = {2},
journal = {Materials Today Nano},
doi = {10.1016/j.mtnano.2018.09.004}
}

@misc{testoppsett,
author = {Grill, J},
year = {2019},
title = {Guide to the Mechanical Properties of Metals},
howpublished = {\url{https://weldguru.com/mechanical-properties-of-metals/}
}}

